@article{julia,
	Eprinttype = {arXiv},
	Author = {Jeff Bezanson and Alan Edelman and Stefan Karpinski and Viral B. Shah},
	Eprint = {1411.1607},
	Month = {November},
	Eprintclass = {cs.MS},
	Title = {{J}ulia: A Fresh Approach to Numerical Computing},
	Year = {2014}
}

@Book{knitr,
    title = {Dynamic Documents with {R} and knitr},
    author = {Yihui Xie},
    publisher = {Chapman and Hall/CRC},
    address = {Boca Raton, Florida},
    year = {2015},
    edition = {2nd},
    note = {ISBN 978-1498716963},
    url = {http://yihui.name/knitr/},
}